<?xml version="1.0" encoding="utf-8"?>
<record xmlns="http://www.loc.gov/MARC21/slim" xmlns:xsi="http://www.w3.org/2001/XMLSchema-instance" xsi:schemaLocation="http://www.loc.gov/MARC21/slim http://www.loc.gov/standards/marcxml/schema/MARC21slim.xsd">
	<leader>     nam a22     Mi 4500</leader>
	<controlfield tag="001">b12395201</controlfield>
	<controlfield tag="003">LeBAU</controlfield>
	<controlfield tag="006">m        d        </controlfield>
	<controlfield tag="007">cr cn |||m|||a</controlfield>
	<controlfield tag="008">190821s1927    iq      o     ||0 0 ara d</controlfield>
	<datafield ind1=" " ind2=" " tag="040">
		<subfield code="a">ZYU</subfield>
		<subfield code="b">ara</subfield>
		<subfield code="e">rda</subfield>
		<subfield code="c">ZYU</subfield>
	</datafield>
	<datafield ind1="0" ind2="4" tag="082">
		<subfield code="a">297.82</subfield>
		<subfield code="2">22</subfield>
	</datafield>
	<datafield ind1="1" ind2=" " tag="100">
		<subfield code="6">880-01</subfield>
		<subfield code="a">Karājikī, Muḥammad ibn ʻAlī,</subfield>
		<subfield code="d">-1057 or 1058,</subfield>
		<subfield code="e">author.</subfield>
	</datafield>
	<datafield ind1="1" ind2="0" tag="245">
		<subfield code="6">880-02</subfield>
		<subfield code="a">Kitāb al-Istinṣār fī al-naṣṣ ʻalá al-aʼimmah al-aṭhār /</subfield>
		<subfield code="c">taʼlīf al-imām al-ʻallāmah Abī al-Fatḥ faqīh al-aṣḥāb Muḥammad ibn ʻAlī ibn ʻUthmān al-Karājikī, ṣāḥib al-taʼālīf al-mumtiʻah al-bālighah ilá miʼat wa-sabʻīn wa-huwa min ṣudūr ʻulamāʼ al-imāmīyah al-qudamāʼ wa-min muʻāṣirī shaykh al-ṭāyifah Abī Jaʻfar al-Ṭūsī... Wa-yalīhi kitāb Muqtaḍab al-athar fī al-naṣṣ ʻalá al-aʼimmah al-ithnay ʻashar / ta’līf al-imām al-ʻallāmah Ibn ʻAyyāsh.</subfield>
	</datafield>
	<datafield ind1="3" ind2="0" tag="246">
		<subfield code="6">880-03</subfield>
		<subfield code="a">Istinṣār fī al-naṣṣ ʻalá al-aʼimmah al-aṭhār</subfield>
	</datafield>
	<datafield ind1="3" ind2="0" tag="246">
		<subfield code="6">880-04</subfield>
		<subfield code="a">kitāb Muqtaḍab al-athar fī al-naṣṣ ʻalá al-aʼimmah al-ithnay ʻashar</subfield>
	</datafield>
	<datafield ind1=" " ind2="1" tag="264">
		<subfield code="6">880-05</subfield>
		<subfield code="a">al-Najaf al-ashraf :</subfield>
		<subfield code="b">al-Maṭbaʻah al-ʻAlawīyah,</subfield>
		<subfield code="c">1346 H., [1927? M.]</subfield>
	</datafield>
	<datafield ind1=" " ind2=" " tag="300">
		<subfield code="6">880-06</subfield>
		<subfield code="a">online resource (38, 57 pages)</subfield>
	</datafield>
	<datafield ind1=" " ind2=" " tag="336">
		<subfield code="a">text</subfield>
		<subfield code="2">rdacontent</subfield>
	</datafield>
	<datafield ind1=" " ind2=" " tag="337">
		<subfield code="a">computer</subfield>
		<subfield code="2">rdamedia</subfield>
	</datafield>
	<datafield ind1=" " ind2=" " tag="338">
		<subfield code="a">online resource</subfield>
		<subfield code="2">rdacarrier</subfield>
	</datafield>
	<datafield ind1=" " ind2=" " tag="500">
		<subfield code="a">&quot;وكانت النسخة التي طبعنا عليها هذه النسخة كانت من أنفس ذخائر مكتبة قائد الأمة وزعيمها المقدم ومجدد المذهب في القرن الرابع عشر الحاج ميرزا محمد حسن الشيرازي نزيل سامراء قده المتوفى سنة 1312 وكانت غاية في الصحة والسداد وكانت كتابتها قبل سبعة قرون.&quot;</subfield>
	</datafield>
	<datafield ind1=" " ind2=" " tag="500">
		<subfield code="a">Part of the Arabic Collections Online (ACO) project, contributed by American University of Beirut's Jafet Memorial Library.</subfield>
	</datafield>
	<datafield ind1=" " ind2=" " tag="533">
		<subfield code="a">Electronic reproduction.</subfield>
		<subfield code="b">New York, N.Y. :</subfield>
		<subfield code="c">New York University,</subfield>
		<subfield code="d">2019.</subfield>
		<subfield code="5">NNU</subfield>
	</datafield>
	<datafield ind1=" " ind2="4" tag="650">
		<subfield code="a">الإمامة</subfield>
		<subfield code="v">اعمال قديمة حتى 1800.</subfield>
	</datafield>
	<datafield ind1=" " ind2="4" tag="650">
		<subfield code="a">الشيعة</subfield>
		<subfield code="x">عقائد</subfield>
		<subfield code="v">اعمال قديمة حتى 1800.</subfield>
	</datafield>
	<datafield ind1=" " ind2="0" tag="650">
		<subfield code="a">Imamate</subfield>
		<subfield code="v">Early works to 1800.</subfield>
	</datafield>
	<datafield ind1=" " ind2="0" tag="650">
		<subfield code="a">Shīʻah</subfield>
		<subfield code="x">Doctrines</subfield>
		<subfield code="v">Early works to 1800.</subfield>
	</datafield>
	<datafield ind1="1" ind2="2" tag="700">
		<subfield code="6">880-07</subfield>
		<subfield code="a">Jawharī, Aḥmad ibn Muḥammad,</subfield>
		<subfield code="d">-1010 or 1011.</subfield>
		<subfield code="t">Muqtaḍab al-athar fī al-naṣṣ ʻalá al-aʼimmah al-ithnay ʻashar.</subfield>
	</datafield>
	<datafield ind1="2" ind2=" " tag="710">
		<subfield code="a">Jafet Memorial Library.</subfield>
	</datafield>
	<datafield ind1="0" ind2=" " tag="730">
		<subfield code="a">Arabic Collections Online.</subfield>
	</datafield>
	<datafield ind1="0" ind2="8" tag="776">
		<subfield code="i">Print version:</subfield>
		<subfield code="a">Karājikī, Muḥammad ibn ʻAlī, -1057 or 1058, author.</subfield>
		<subfield code="t">Kitāb al-Istinṣār fī al-naṣṣ ʻalá al-aʼimmah al-aṭhār</subfield>
		<subfield code="w">(LeBAU)b12395201</subfield>
	</datafield>
	<datafield ind1="4" ind2="0" tag="856">
		<subfield code="u">http://hdl.handle.net/2333.1/n8pk0xrh</subfield>
	</datafield>
	<datafield ind1="1" ind2=" " tag="880">
		<subfield code="6">100-01</subfield>
		<subfield code="a">الكراجكي، محمد بن علي،</subfield>
		<subfield code="d">-1057 او 1058،</subfield>
		<subfield code="e">مؤلف. </subfield>
		<subfield code="4">aut.</subfield>
	</datafield>
	<datafield ind1="1" ind2="0" tag="880">
		<subfield code="6">245-02</subfield>
		<subfield code="a">كتاب الإستنصار في النص على الأئمة الأطهار /</subfield>
		<subfield code="c">تأليف الإمام العلامة أبي الفتح فقيه الأصحاب محمد بن علي بن عثمان الكراجكي، صاحب التآليف الممتعة البالغة الى مائة وسبعين وهو من صدور علماء الإمامية القدماء ومن معاصري شيخ الطايفة أبي جعفر الطوسي... ويليه كتاب مقتضب الأثر في النص على الأئمة الإثني عشر / تأليف الإمام العلامة إبن عياش.</subfield>
	</datafield>
	<datafield ind1="3" ind2="0" tag="880">
		<subfield code="6">246-03</subfield>
		<subfield code="a">الإستنصار في النص على الأئمة الأطهار</subfield>
	</datafield>
	<datafield ind1="3" ind2="0" tag="880">
		<subfield code="6">246-04</subfield>
		<subfield code="a">كتاب مقتضب الأثر في النص على الأئمة الإثني عشر</subfield>
	</datafield>
	<datafield ind1=" " ind2="1" tag="880">
		<subfield code="6">264-05</subfield>
		<subfield code="a">النجف الأشرف :</subfield>
		<subfield code="b">المطبعة العلوية،</subfield>
		<subfield code="c">1364 هـ.، [1927؟ م.]</subfield>
	</datafield>
	<datafield ind1=" " ind2=" " tag="880">
		<subfield code="6">300-06</subfield>
		<subfield code="a">38، 57 صفحة ؛</subfield>
		<subfield code="c">18 سم</subfield>
	</datafield>
	<datafield ind1="1" ind2="2" tag="880">
		<subfield code="6">700-07</subfield>
		<subfield code="a">الجوهري، أحمد بن محمد،</subfield>
		<subfield code="d">-1010 او 1011.</subfield>
		<subfield code="t">مقتضب الأثر في النص على الأئمة الإثني عشر.</subfield>
	</datafield>
	<datafield ind1=" " ind2=" " tag="959">
		<subfield code="a">NNU</subfield>
		<subfield code="b">WEB</subfield>
		<subfield code="c">GENI</subfield>
		<subfield code="t">0</subfield>
		<subfield code="m">Electronic access</subfield>
		<subfield code="s">01</subfield>
	</datafield>
	<datafield ind1=" " ind2=" " tag="999">
		<subfield code="i">LeBAU_b12395201</subfield>
		<subfield code="s">aub_aco002985</subfield>
		<subfield code="e">(ERROR-MISC)</subfield>
	</datafield>
</record>
